3000 5209
1001 380 1263 428 ANDRIA
1291 382 1350 429 P.
1381 381 1698 429 TERENTI.

2486 366 2570 432 63

201 550 382 615 Itane
413 549 738 615 obstinate
769 552 1034 635 operam
1062 549 1193 633 dat,
1222 558 1296 614 ut
1322 571 1426 614 me
1455 572 1496 615 a
1526 548 1828 627 Glycerio
1858 551 2163 615 miserum
2193 549 2569 616 abstrahat?

207 652 398 733 Quod
429 654 486 716 si
516 651 608 733 fit,
638 672 833 737 pereo
863 650 1174 716 funditus.

108 774 172 814 ιο
206 753 440 818 Adeon
470 752 797 818 hominem
841 773 983 817 esse
1027 753 1446 816 inuenustum
1488 761 1603 816 aut
1645 752 1970 817 infelicem
2014 755 2431 840 quemquam,
2498 762 2571 819 ut

1343 874 1465 937 ego
1497 855 1667 918 sum!

2446 857 2570 917 245

200 956 325 1019 Pro
357 954 557 1018 deum
586 964 780 1041 atque
808 953 1143 1018 hominum
1171 953 1394 1017 fidem!

198 1055 444 1121 Nullon
475 1078 597 1141 ego
629 1055 986 1122 Chremetis
1014 1064 1204 1141 pacto
1236 1055 1643 1120 adfinitatem
1672 1055 1971 1141 ecfugere
2000 1056 2270 1143 potero?

203 1158 383 1239 Quot
411 1157 622 1222 modis
654 1160 1085 1245 contemptus,
1117 1157 1396 1244 spretus!
1456 1156 1662 1220 Facta
1689 1165 2018 1221 wansacta
2047 1159 2279 1222 omnia.
2339 1158 2528 1242 Hem,

199 1259 609 1346 Repudiatus
638 1261 920 1346 repetor:
970 1257 1451 1340 Quamobrem?
1508 1258 1640 1322 nisi
1667 1259 1724 1321 si
1751 1257 1819 1321 id
1850 1267 1973 1342 est,
2004 1258 2181 1345 quod
2210 1260 2526 1345 suspicor:

116 1383 167 1423 ιε»
192 1360 472 1449 Aliquid
499 1362 773 1425 monstri
802 1359 1010 1426 alunt:
1057 1381 1134 1425 ea
1163 1360 1471 1446 quoniam
1498 1358 1746 1423 nemini
1774 1359 2034 1424 obtrudi
2064 1368 2295 1446 potest,

180 1568 241 1614 V.
283 1568 331 1613 8.
394 1566 581 1614 Itane
631 1564 980 1612 obstinate
1029 1579 1293 1624 operam

118 1629 246 1696 dat]
275 1634 323 1679 B
338 1649 367 1681 e
380 1648 416 1679 n
430 1635 478 1680 tl
494 1649 562 1694 ey
589 1633 797 1680 anderte
815 1633 945 1680 ohne
965 1633 1102 1679 allen
1117 1632 1293 1679 Grund

120 1703 288 1749 diesen
338 1702 621 1761 Fragesatz
638 1735 650 1759 ,
710 1701 950 1748 wodurch
994 1700 1295 1759 Pamphilus

121 1771 254 1816 seine
292 1769 340 1814 V
355 1784 382 1815 e
398 1783 569 1815 rwun
586 1769 617 1814 d
631 1783 695 1815 er
709 1783 780 1815 un
796 1783 830 1828 g
864 1768 992 1816 iiber
1028 1769 1118 1816 des
1145 1767 1297 1815 Chre-

118 1851 216 1884 mes
243 1837 709 1896 Sinueswandlung
733 1836 1036 1896 ausdriickt,
1073 1837 1122 1881 in
1151 1837 1298 1882 einen

120 1905 535 1952 Adfirmativsatz
565 1919 664 1964 um,
701 1904 940 1951 wodurch
964 1904 1048 1950 die
1072 1904 1212 1950 Rede
1236 1917 1299 1949 an

121 1972 513 2031 Lebhaftigkeit
574 1972 809 2026 verliert‚
877 1972 1134 2019 wesshalb
1193 1971 1298 2017 ihm

124 2040 186 2087 Fl
202 2054 231 2087 e
247 2054 275 2085 c
286 2041 323 2085 k
337 2055 364 2086 e
379 2040 433 2086 is
445 2055 472 2087 e
487 2055 520 2085 n
565 2041 659 2085 mit
703 2040 868 2085 Recht
912 2038 1111 2085 hierbei
1160 2038 1301 2085 nicht

124 2108 313 2167 gesolgt
339 2108 426 2164 ist,
454 2108 542 2153 der
560 2106 748 2166 jedoch
769 2107 850 2153 die
867 2107 1191 2166 Umstellung
1215 2105 1301 2152 dat

121 2189 315 2234 operam
350 2178 484 2221 statt
521 2186 718 2235 operam
752 2173 840 2220 dat
887 2174 978 2220 mit
1013 2174 1056 2219 B
1072 2189 1099 2221 e
1111 2188 1143 2220 n
1160 2175 1254 2219 tle
1267 2188 1300 2233 y

124 2256 280 2302 gegen
308 2242 397 2289 die
414 2242 536 2289 Hss.
564 2244 832 2303 vornahm‚
856 2255 961 2288 was
985 2242 1300 2300 keineswegs

126 2309 278 2356 durch
302 2309 580 2356 metrische
606 2309 811 2356 Griinde
844 2310 1062 2369 geboten
1088 2310 1301 2368 scheint‚

126 2378 220 2423 und
270 2378 354 2423 die
405 2377 593 2423 leichte
640 2377 992 2424 Allitteration
1048 2390 1075 2423 ο
1087 2375 1300 2423 bstinate

123 2443 224 2504 (op
236 2443 318 2502 st.)
344 2458 419 2502 op
434 2458 566 2490 eram
588 2443 676 2490 dat
707 2446 854 2490 stiirt.

185 2528 317 2575 Ibid.
362 2528 457 2575 ‘ut
481 2542 570 2574 me
607 2542 638 2574 a
664 2517 979 2588 Glycerio
1004 2528 1303 2575 miserum

128 2596 195 2643 ab
210 2610 233 2643 s
248 2601 268 2642 t
283 2611 310 2642 r
324 2611 355 2642 a
369 2597 504 2642 hat:
540 2597 728 2656 Magna
752 2596 808 2642 vi
830 2596 976 2644 verbi
1003 2599 1053 2642 et
1077 2596 1306 2655 proprie-

130 2667 228 2710 tate
252 2677 379 2710 usus
406 2668 501 2710 est.
547 2664 693 2710 Unde
717 2665 843 2710 illud
870 2669 948 2711 est
974 2658 1052 2726 [V
1067 2678 1093 2709 e
1108 2678 1179 2723 rg
1202 2663 1307 2709 ilii

127 2731 240 2777 Aen.
265 2733 330 2778 11.
356 2725 502 2794 434J:
542 2730 729 2790 Iphitus
764 2736 810 2777 et
831 2730 998 2778 Pelias
1020 2745 1212 2789 mecum,
1238 2729 1311 2776 di-

125 2798 346 2845 vellimur
382 2798 529 2844 inde!
596 2798 930 2845 DONATVS.
997 2798 1113 2858 Vgl.
1150 2804 1303 2845 unten

128 2866 207 2912 m.
234 2870 281 2927 2,
308 2867 378 2912 39
403 2864 567 2925 (519).

191 2959 251 3005 V.
284 2961 365 3005 10.
403 2959 621 3005 Adeon
660 2957 978 3005 hominem
1024 2970 1162 3005 esse
1205 2957 1303 3003 in-

131 3031 466 3073 venustum
493 3031 598 3071 aut
621 3024 962 3072 infelicem
989 3023 1117 3082 etc.]
1166 3024 1304 3069 Inve-

127 3099 301 3152 πωπω,
319 3094 437 3140 dem
456 3091 802 3152 griechischen
823 3085 1172 3155 ἀναφρόδιτος
1196 3097 1304 3138 ent-

127 3160 438 3219 sprechend,
475 3160 676 3207 bezieht
711 3161 820 3206 sich
853 3161 942 3207 auf
961 3160 1043 3206 die
1066 3163 1304 3206 ausseren

129 3228 445 3284 Eindriicke‚
490 3227 570 3274 die
617 3228 652 3273 J
655 3229 838 3274 emand
876 3227 963 3275 bei
996 3227 1203 3274 Andron
1250 3227 1303 3272 in

128 3301 298 3342 zatten
326 3295 717 3342 Verhfiltnissen
743 3296 940 3353 macht‚
964 3294 1206 3341 wahrend
1229 3293 1302 3339 in-

121 3360 250 3420 felix
276 3364 378 3410 den
404 3367 557 3421 guten
585 3362 767 3422 Erfolg
799 3365 867 3409 im
893 3362 1039 3421 Auge
1061 3363 1174 3419 hat,
1210 3361 1303 3410 der

127 3430 427 3477 demandem
453 3444 516 3476 zu
541 3430 689 3476 Theil
713 3430 867 3489 wird3
894 3431 962 3475 im
986 3429 1303 3488 Gegensatze

128 3511 186 3543 zu
227 3497 321 3545 der
354 3497 521 3555 wenig
545 3497 878 3544 erfreulichen
903 3497 1070 3556 Lage,
1107 3496 1159 3541 in
1182 3496 1303 3542 wel-

130 3566 242 3612 cher
291 3565 407 3611 sich
447 3564 580 3622 Jetzt
625 3565 923 3623 Pamphilus
966 3578 1029 3610 zu
1067 3563 1303 3611 befinden

128 3632 324 3691 gIaubt,
352 3631 517 3678 heisst
541 3645 595 3678 es
613 3631 698 3679 bei
716 3646 922 3679 unsrem
946 3632 1165 3679 Dichter
1183 3630 1304 3679 Hoc.

131 3699 185 3747 V.
210 3703 269 3757 4,
299 3702 331 3747 8
361 3697 527 3758 (848).
594 3697 710 3755 Quis
731 3714 804 3746 me
827 3705 895 3746 cst
905 3698 1206 3758 fortunatior
1226 3712 1304 3744 ve-

127 3761 425 3826 nustatisque
456 3764 579 3812 adeo
610 3766 832 3825 plenior?
900 3767 1067 3814 Ueber
1094 3768 1184 3813 das
1209 3766 1305 3813 fol-

131 3836 287 3893 gende
306 3839 376 3891 ut,
395 3835 562 3881 wofiir
581 3836 671 3881 Do
684 3851 718 3881 n
731 3839 873 3881 atus
891 3847 1034 3893 quam
1050 3834 1304 3892 verlangt‚

132 3914 172 3946 s.
207 3902 392 3948 Hand
438 3902 640 3949 Tursell.
662 3904 717 3948 Ἰ.
745 3918 794 3963 p.
825 3902 940 3949 137.
976 3901 1102 3947 mein
1122 3899 1302 3947 Hand·

130 3970 342 4017 wlfr-terh.
367 3968 456 4016 der
480 3971 568 4019 lat.
595 3970 705 4030 Spr.
732 3970 827 4016 Bd.
851 3972 890 4019 Ι.
917 3968 965 4016 S.
995 3971 1110 4016 125.

136 4069 139 4072 '
195 4061 254 4107 V.
285 4063 366 4107 11.
402 4062 524 4109 Pro
559 4062 735 4108 deum
771 4065 959 4119 atque
990 4062 1303 4108 hominum

134 4127 385 4187 fideml]
432 4128 546 4188 vgl.
574 4127 805 4175 Cicero
835 4128 976 4176 Tmo.
1000 4129 1088 4174 IV.
1114 4129 1196 4189 34,
1226 4125 1304 4174 ⁷2.

135 4194 215 4241 Sin
236 4202 396 4242 autem
421 4202 493 4242 est
515 4195 693 4255 aliquis
716 4209 864 4254 amor,
888 4201 940 4241 ut
963 4201 1034 4243 est
1055 4201 1197 4253 certe,
1223 4194 1310 4253 qui

134 4261 247 4308 nihil
268 4262 398 4310 absit
421 4269 509 4309 aut
527 4277 624 4309 non
644 4265 843 4310 multum
864 4264 928 4309 ab
949 4262 1163 4321 insania,
1187 4276 1305 4320 qua-

139 4326 530 4377 lisiancadia
553 4336 650 4376 est:
676 4330 745 4378 Si
765 4328 1005 4389 quidem
1025 4328 1112 4376 sit
1134 4328 1306 4389 quis-

141 4408 297 4452 quam
320 4397 498 4458 deus,
523 4396 627 4444 cui
648 4411 753 4457 eqo
776 4398 887 4443 sim
912 4411 1118 4444 curae.
1166 4396 1232 4442 At
1253 4394 1309 4442 id

141 4469 235 4510 crat
271 4464 376 4512 deis
411 4464 628 4511 omnibus
659 4464 927 4511 mco-andum
950 4478 1090 4523 quem
1112 4462 1182 4510 ad
1212 4472 1307 4510 mo·

2447 1363 2573 1421 250

1396 1562 1510 1610 dum
1545 1562 1623 1609 hic
1632 1562 1890 1622 ,frueretur
1923 1561 2164 1622 voluptate
2197 1562 2437 1610 amatovia
2476 1568 2571 1610 etc.

1396 1633 1516 1692 Vgl.
1534 1631 1593 1680 Ο.
1606 1632 1720 1680 Rib
1734 1631 1768 1677 b
1782 1645 1809 1678 e
1824 1645 1851 1678 c
1866 1631 1927 1678 k:
1951 1629 2120 1677 Comic.
2135 1629 2405 1694 law-elima.
2425 1643 2474 1689 p.
2488 1632 2572 1678 85.

1466 1700 1529 1745 V.
1559 1701 1638 1746 13.
1687 1698 1853 1758 Quot
1897 1699 2102 1745 modis
2139 1702 2570 1757 contemptus,

1400 1772 1663 1827 spretus
1680 1762 1720 1829 Ξ]
1750 1768 1916 1813 Wenn
1933 1768 1982 1813 D
2000 1771 2229 1813 enatus
2248 1765 2485 1825 zweifelt,
2507 1764 2573 1812 ob

1401 1835 1484 1882 die
1510 1836 1686 1882 Worte
1721 1835 1812 1881 auf
1842 1834 2083 1881 Chremes
2116 1834 2240 1881 oder
2274 1833 2575 1892 Pamphilus

1402 1918 1465 1950 zu
1513 1903 1753 1949 beziehen
1794 1904 1958 1961 seien‚
2008 1915 2065 1949 so
2109 1902 2423 1949 entscheidet
2464 1901 2575 1948 hier

1401 1972 1560 2017 schon
1597 1971 1680 2017 die
1707 1969 2026 2017 Grammatik
2061 1971 2141 2016 fiir
2176 1970 2257 2016 die
2279 1969 2576 2029 Beziehung

1403 2040 1492 2086 auf
1514 2038 1840 2097 Pamphilus,
1877 2038 1979 2084 und
2014 2040 2106 2084 der
2143 2039 2268 2085 Sinn
2301 2037 2389 2083 der
2415 2035 2576 2083 Stelle

1401 2106 1563 2153 heisst
1605 2106 1743 2153 diese
1778 2106 2074 2165 Beziehung
2112 2110 2226 2165 gut,
2264 2105 2435 2151 indem
2471 2116 2575 2151 was

1402 2175 1516 2221 hier
1562 2173 1614 2219 in
1648 2174 1919 2230 specieller
1952 2174 2244 2231 Zeichnung
2290 2172 2453 2219 durch
2496 2170 2577 2218 die

1403 2240 1730 2300 asyndetisch
1752 2240 2116 2299 hingestellten
2130 2240 2446 2298 Participien
2467 2252 2577 2285 con-

1403 2313 1618 2367 temptus,
1643 2312 1829 2363 spretus
1872 2306 2001 2365 (vgl.
2028 2307 2161 2354 oben
2184 2308 2223 2353 I.
2251 2309 2297 2363 3,
2327 2308 2408 2353 19.
2446 2318 2576 2351 recc-

1395 2375 1530 2436 pisse
1555 2373 1734 2430 orbam,
1753 2388 1975 2431 parvam,
2013 2379 2170 2422 unten
2192 2375 2254 2423 ΙΙ.
2283 2377 2331 2431 1,
2355 2376 2387 2420 4
2414 2371 2575 2432 (304).

1403 2446 1584 2501 laem,
1617 2454 1736 2487 eura
1771 2439 2014 2500 consectus
2048 2440 2243 2500 stupet.)
2275 2442 2582 2501 hingestellt

1403 2510 1562 2565 wird,
1621 2507 1820 2555 sodann
1864 2508 2063 2555 einfach
2110 2509 2267 2556 durch
2300 2507 2583 2569 repudiatus

1409 2575 1750 2637 ausgedriickt
1783 2575 1927 2622 wird.
1985 2577 2134 2622 Denn
2164 2581 2353 2634 spretus
2386 2575 2581 2621 erklart

1409 2647 1566 2693 schon
1600 2643 1846 2690 Nonius
1875 2656 1923 2700 p.
1959 2644 2086 2700 399,
2125 2643 2199 2701 6.‚
2234 2642 2478 2689 woselbst
2513 2645 2581 2687 tot

1410 2717 1537 2761 statt
1553 2717 1664 2771 quot
1684 2710 2139 2770 hervorgegangen
2167 2722 2257 2756 aus
2277 2710 2367 2756 der
2387 2708 2582 2757 Schrei-
2609 2721 2642 2729 “

1407 2782 1549 2840 bung
1568 2785 1719 2826 σοι-τ-
1729 2784 1839 2836 quot
1857 2780 2007 2836 steht,
2017 2778 2204 2836 richtig
2217 2778 2309 2823 mit
2307 2775 2582 2836 fastiditus.

1475 2848 1608 2895 Ibid.
1679 2845 1909 2892 ‘Facta
1954 2849 2292 2892 transacta
2341 2844 2578 2890 omnia:

1404 2914 1743 2963 Proverbiale
1764 2918 1842 2962 est
1864 2914 1915 2959 in
1941 2915 1995 2961 id
2022 2913 2226 2973 negotii,
2249 2914 2313 2960 de
2336 2925 2433 2972 quo
2452 2912 2581 2958 nihil

1407 2983 1629 3044 supersit
1671 2981 1735 3027 ad
1769 2983 2036 3041 agendum.
2106 2981 2305 3027 Facta
2339 2984 2508 3027 autem
2550 2993 2581 3025 a

1405 3050 1702 3110 Pamphilo,
1749 3053 2005 3096 transacta
2048 3049 2197 3095 etiam
2226 3064 2255 3094 a
2280 3041 2581 3095 Chremete.’

1403 3117 1743 3166 DONATVS.
1767 3117 1886 3176 Vgl.
1909 3117 2131 3163 Cicero
2156 3116 2210 3161 in
2233 3115 2292 3160 L.
2323 3114 2472 3163 Catil.
2493 3115 2579 3161 111.

1408 3187 1436 3231 6
1454 3221 1467 3246 ‚
1499 3187 1579 3232 15.
1627 3185 1786 3243 Atque
1819 3184 1973 3242 illud,
2011 3182 2139 3243 quod
2157 3181 2450 3242 faciendum
2473 3183 2580 3239 pri-

1403 3266 1530 3298 mum
1555 3250 1687 3311 ficit,
1727 3251 1926 3310 factum
1966 3257 2107 3309 atque
2147 3256 2446 3296 transactum
2491 3255 2579 3295 est.

1404 3320 1508 3366 und
1523 3319 1575 3363 in
1587 3320 1761 3377 Bezug
1782 3319 1873 3364 auf
1887 3320 1976 3365 das
1990 3318 2428 3366 Homoioteleuton
2448 3316 2581 3362 noch

1406 3386 1633 3433 Cicero
1669 3386 1808 3432 amic.
1847 3388 1935 3444 21,
1977 3386 2057 3432 79.
2107 3392 2152 3432 et
2197 3384 2388 3444 quidem
2421 3382 2581 3431 munia

1396 3453 1670 3513 praeclara
1691 3466 1826 3499 rara.
1864 3453 2009 3499 Auch
2035 3454 2104 3499 im
2131 3453 2428 3513 Folgenden
2453 3450 2581 3498 wird

1408 3521 1497 3567 der
1542 3520 1827 3578 Gegensatz
1875 3520 2129 3566 zwischen
2174 3519 2432 3578 repudiari
2476 3517 2579 3565 und

1405 3586 1564 3648 repeti
1595 3588 1727 3633 noch
1761 3587 1919 3633 durch
1944 3587 2025 3633 die
2050 3587 2402 3634 Allitteration
2426 3586 2582 3645 geho-

1407 3656 1526 3704 ben.
1574 3654 1794 3701 Einfach
1828 3655 1897 3701 im
1931 3654 2063 3700 Eun.
2096 3656 2135 3700 Ι.
2165 3656 2219 3711 1,
2245 3655 2292 3699 4.
2341 3651 2581 3709 Emolusit,

1405 3729 1615 3770 revocat.

1477 3792 1539 3838 V.
1578 3791 1657 3837 15.
1728 3789 2001 3847 Aliquid
2049 3787 2315 3834 monstri
2363 3787 2578 3833 alunt:
2633 3827 2640 3834 Ι

1410 3874 1504 3906 ea:
1553 3859 1759 3919 Duplex
1793 3856 2098 3903 contumelia
2132 3860 2182 3903 et
2216 3854 2489 3900 monstri
2533 3859 2583 3900 et

1406 3927 1680 3986 aliquid:
1703 3926 1870 3972 minus
1896 3925 2030 3971 enim
2057 3928 2191 3971 esset
2210 3922 2421 3982 aliquod
2439 3935 2580 3967 mon-

1407 4004 1598 4042 strum:
1625 3996 1699 4041 sic
1725 3993 1852 4040 alibi
1878 3991 2016 4051 [Heo.
2043 3993 2130 4039 IV.
2144 3987 2430 4051 4‚21(643)
2453 3983 2578 4051 sq.]:

1411 4061 1539 4117 Quid
1567 4060 1766 4108 hominis
1811 4055 2125 4123 [maliem-532]
2170 4072 2368 4105 uxorem
2398 4055 2581 4103 habes?

1406 4130 1475 4175 Et
1510 4130 1730 4175 mutavit
1766 4142 1925 4187 genus
1960 4128 2174 4174 dicendo
2213 4141 2309 4185 ea,
2345 4124 2582 4185 quoniam

1409 4196 1595 4243 femina
1634 4200 1727 4243 est.
1792 4196 1876 4244 Sic
1911 4197 1963 4242 in
1996 4196 2239 4242 Eunucho
2276 4193 2386 4253 [IV.
2423 4193 2482 4249 4,
2516 4192 2579 4237 29

1408 4260 1556 4320 (695)
1584 4260 1707 4323 sq.]:
1764 4262 1931 4320 Taces,
1967 4245 2461 4315 monsmmssominis,
2485 4270 2581 4305 non

1408 4329 1623 4376 dictum
1647 4328 1728 4377 es?
1771 4330 2112 4378 DONATVS.
2158 4330 2217 4374 In
2243 4330 2460 4374 ersterer
2482 4326 2580 4372 Be-

1410 4398 1631 4457 ziehung
1675 4397 1748 4445 sei
1793 4397 2048 4454 bemerkt,
2094 4397 2211 4444 dass
2253 4395 2333 4441 ein
2377 4394 2581 4441 solches

1411 4464 1958 4524 Genetivverhfiltniss‚
1983 4465 2081 4511 wie
2104 4464 2215 4510 hier
2239 4459 2431 4521 aliquid
2450 4475 2583 4509 mon·
