3000 5209
385 392 470 457 60
1255 407 1519 456 ANDmA
1547 408 1606 455 Ρ.
1637 407 1951 455 mmm.

919 912 1160 979 ΑΟΊἮ
1163 912 1207 980 S
1245 901 1496 978 PRIMI
1538 909 1887 978 SOAENA
1916 908 2299 992 QUARTA.

1501 1114 1720 1163 MYSIS.

414 1276 437 1313 1
475 1250 740 1334 Audiui,
768 1248 1069 1334 Archilis,
1099 1251 1230 1314 iam
1260 1250 1534 1315 dudum:
1566 1248 1873 1315 Lesbiam
1900 1248 2142 1313 adduci
2168 1247 2370 1313 iubes.

474 1353 648 1419 Sane
676 1351 787 1438 pol
814 1351 927 1415 illa
955 1351 1373 1416 temulentast
1400 1351 1632 1416 mulier
1663 1359 1728 1415 et
1756 1351 2099 1414 temeraria

471 1455 610 1519 Nec
638 1455 793 1518 satis
822 1453 1039 1538 digna,
1071 1457 1225 1539 quoi
1255 1455 1617 1517 committas
1646 1454 1855 1538 primo
1885 1461 2078 1537 partu
2105 1449 2465 1515 mulierem:

2720 1454 2855 1513 230

470 1556 720 1620 Tamen
751 1576 893 1618 eam
924 1554 1287 1620 adducam?
1346 1535 1893 1640 inportunitatem
1924 1562 2206 1638 spectate
2239 1551 2561 1616 aniculae:

411 1681 438 1721 5
477 1657 654 1739 Quia
683 1656 1048 1742 compotrix
1078 1658 1216 1719 eius
1248 1665 1360 1721 est.
1420 1657 1530 1739 Di,
1561 1655 1711 1719 date
1739 1654 2131 1737 facultatem,
2163 1652 2449 1736 dbsecm,

470 1758 649 1823 Huic
676 1757 981 1843 pariundi
1011 1765 1203 1843 atque
1233 1756 1331 1820 illi
1358 1758 1428 1820 in
1458 1756 1602 1821 aliis
1630 1758 1845 1842 petius
1875 1754 2189 1841 peccandi
2218 1753 2449 1819 locum.

473 1857 604 1923 Sed
634 1859 944 1944 quidnam
971 1857 1380 1942 Pamphilum
1411 1859 1850 1922 examinatum
1876 1856 2112 1921 uideo?
2143 1877 2371 1920 uereor
2400 1855 2560 1942 quid
2590 1856 2731 1920 siet.

474 1958 812 2045 Opperiar,
842 1967 916 2022 ut
944 1959 1147 2022 sciam
1174 1959 1643 2045 numquidnam
1670 1958 1833 2023 haec
1858 1957 2052 2022 turba
2079 1956 2378 2022 tristitiae
2409 1957 2678 2021 adferat.
2722 1957 2854 2017 235

457 2130 692 2175 Erster
735 2130 880 2188 Act,
925 2128 1138 2176 vierte
1179 2131 1378 2177 Scene
1415 2126 1566 2192 [nach

388 2198 430 2243 F
442 2198 460 2242 l
474 2211 500 2243 e
512 2212 538 2243 c
553 2197 590 2242 k
602 2197 698 2244 eis
711 2211 780 2243 en
804 2196 1006 2243 zweiter
1031 2198 1142 2258 Act,
1169 2198 1345 2244 zweite
1364 2193 1565 2259 SceneJ.

388 2265 572 2325 Mysis,
620 2265 835 2312 Sklavin
874 2264 964 2311 der
991 2255 1285 2324 Glycerium
1300 2300 1312 2323 ‚
1348 2266 1566 2325 gesandt

390 2333 472 2378 die
519 2333 799 2379 Hebamme
848 2332 933 2378 bei
993 2333 1083 2379 der
1139 2334 1565 2380 herannahenden

388 2400 729 2446 Niederkunft
761 2401 900 2446 ihrer
933 2401 1118 2447 Herrin
1151 2400 1565 2458 herbeizuholen‚

388 2468 606 2515 eriiffnet
629 2481 724 2514 uns
749 2468 917 2527 einige
939 2468 1173 2515 Einsieht
1196 2468 1248 2515 in
1273 2470 1355 2516 die
1379 2470 1566 2529 Umge-

387 2536 528 2595 hung
553 2536 642 2582 der
669 2535 975 2595 Glycerium.

456 2604 516 2649 V.
547 2606 591 2649 1.
652 2603 919 2663 Audivi,
945 2604 1265 2662 Archilis,
1302 2604 1422 2650 iam
1451 2605 1563 2650 du-

390 2667 547 2732 dum]
588 2672 753 2717 Wenn
778 2672 820 2717 B
837 2673 1060 2732 entley
1084 2686 1244 2732 gegen
1273 2673 1355 2719 die
1373 2673 1492 2718 Hss.
1513 2687 1560 2718 u.

388 2740 437 2785 D
455 2737 683 2784 o'natus
728 2737 889 2785 Audio
947 2745 1010 2787 st.
1058 2739 1242 2785 Audivi
1296 2739 1566 2786 schreiben

389 2807 590 2866 wolffo,
643 2806 778 2853 diess
828 2808 905 2852 als
958 2807 1237 2854 stehenden
1286 2808 1567 2867 Sprachge-

1666 2130 1763 2177 wie
1798 2143 1852 2177 es
1886 2130 1940 2175 in
1975 2128 2301 2187 dergleichen
2323 2129 2632 2188 Monologen
2665 2140 2730 2172 zu
2766 2141 2859 2187 ge-

1667 2198 1889 2244 schehen
1930 2197 2101 2255 pflegt.
2176 2196 2260 2244 Sic
2303 2201 2494 2243 musste
2541 2195 2857 2255 gehorchen‚

1666 2266 1782 2312 weil
1815 2264 2040 2311 Archilis
2076 2263 2158 2310 die
2193 2264 2357 2310 altere
2389 2264 2657 2321 Dienerin,
2704 2263 2857 2312 dess-

1667 2333 1789 2379 halb
1815 2331 2011 2378 anie-ula
2035 2331 2288 2391 spdttisch
2321 2336 2561 2391 genanut,
2595 2344 2720 2388 war,
2757 2331 2856 2377 der

1670 2400 1752 2447 die
1775 2400 1948 2459 Pflege
1974 2399 2064 2445 der
2085 2398 2379 2459 Glycerium
2405 2401 2703 2446 anvertraut
2725 2412 2855 2459 war,

1667 2467 1720 2513 in
1752 2468 1973 2514 welcher
2001 2466 2244 2513 Hinsicht
2277 2482 2396 2512 man
2429 2467 2524 2513 mit
2558 2466 2726 2513 Recht
2762 2465 2863 2511 auf

1667 2536 1785 2582 Hie
1795 2551 1822 2582 r
1834 2549 1862 2581 ο
1878 2549 1911 2580 n
1921 2550 1955 2595 y
1969 2550 2019 2598 m
2029 2549 2062 2581 u
2074 2548 2100 2582 s
2121 2533 2631 2593 lib.II.epi3t.select.[l
2641 2536 2665 2579 1
2676 2528 2857 2590 7.n.8.]

1664 2604 1944 2650 verwiesen
1963 2604 2069 2660 hat,
2086 2617 2164 2649 wo
2177 2603 2267 2648 der
2280 2602 2695 2650 Geschaftskreis
2708 2600 2858 2648 einer

1665 2672 1877 2718 solehen
1900 2671 2147 2718 Dienerin
2171 2671 2281 2717 also
2314 2669 2652 2717 beschrieben
2687 2668 2860 2716 wird:

1668 2738 1907 2785 Adsidet-e
1940 2740 2116 2786 lectulo
2132 2774 2145 2799 ,
2181 2738 2451 2785 obstem-icoc
2476 2736 2703 2783 adhibere
2737 2737 2856 2783 lan·

1665 2807 1846 2869 quenti,
1878 2812 2079 2863 portare
2102 2805 2345 2867 matulam,
2384 2804 2656 2865 calefacere
2678 2802 2856 2861 lintea,

388 2874 583 2920 brauch
618 2874 937 2920 annehmend
974 2879 1121 2921 unter
1152 2876 1448 2935 Beziehung
1481 2875 1574 2920 auf
1661 2873 1856 2932 plicare
1867 2872 2128 2931 fasciolae.

390 2940 512 2985 Hec.
536 2942 628 2985 III.
654 2942 701 3000 2,
730 2943 774 2986 1.
799 2956 848 2989 u.
873 2941 1063 2988 Phorm.
1088 2943 1153 2988 H.
1182 2945 1226 3003 1,
1254 2944 1355 3002 59„
1391 2956 1449 2988 so
1475 2942 1567 2987 hat

389 3021 508 3052 man
533 3007 637 3053 ihm
663 3007 714 3052 in
740 3022 950 3056 neuerer
975 3009 1088 3056 Zeit
1111 3011 1205 3056 mit
1227 3011 1390 3057 Recht
1413 3010 1568 3056 keine

390 3075 552 3134 Folge
589 3075 846 3137 geleistet,
890 3078 998 3136 vgl.
1033 3077 1309 3124 Plautus
1335 3077 1479 3123 Mero.
1504 3076 1567 3125 V.

392 3143 438 3200 2,
462 3144 557 3188 112
580 3140 739 3202 (953).
780 3142 892 3190 Iam
915 3143 1095 3191 dudum
1118 3143 1301 3193 audivi.
1348 3144 1567 3190 Cicero

389 3210 562 3258 Accae.
595 3210 685 3257 111.
727 3212 790 3258 20
808 3245 820 3268 ,
866 3213 947 3260 50.
1019 3211 1304 3257 Audivimus
1343 3211 1430 3258 hoc
1469 3210 1570 3256 iam

391 3275 493 3336 diu,
528 3276 725 3325 iudices.

460 3345 521 3390 V.
550 3347 596 3393 2.
640 3347 803 3393 Sane
834 3347 944 3405 pol
980 3346 1108 3392 illa
1140 3345 1570 3392 temulentast

392 3412 624 3458 mulier
673 3416 730 3459 et
777 3407 1146 3473 temeraria]
1207 3413 1317 3458 Der
1363 3414 1571 3457 §.assere

392 3478 760 3540 Redeankl'ang
818 3482 918 3527 soll
976 3481 1088 3533 hier
1147 3480 1229 3525 die
1285 3477 1571 3524 natiirliehe

390 3547 553 3606 Folge
578 3548 665 3594 des
703 3549 847 3595 einen
870 3548 1195 3595 Praedicates
1222 3559 1312 3592 aus
1341 3546 1452 3591 dem
1480 3559 1568 3590 an—

395 3614 550 3661 deren
574 3616 845 3663 andeuten.

463 3682 524 3728 V.
542 3684 587 3731 3.
611 3684 755 3743 quoi
777 3682 1138 3729 committas
1157 3679 1360 3738 primo
1381 3683 1570 3738 partu

394 3746 743 3811 mulierem]
782 3750 919 3796 Weil
940 3750 990 3795 in
1012 3749 1172 3794 einem
1195 3747 1403 3793 solchen
1424 3748 1570 3795 Falle

394 3817 476 3864 die
519 3817 711 3865 Gefahr
746 3819 973 3877 grdsser‚
1010 3816 1091 3861 die
1133 3813 1426 3874 Erfahrung
1467 3828 1569 3861 von

396 3885 571 3933 Seiten
597 3885 688 3931 der
713 3884 957 3930 Kranken
983 3881 1220 3943 geringer
1244 3881 1326 3928 ist.

461 3951 525 3997 V.
551 3953 600 3997 4.
638 3949 884 3996 ‘Tamen
910 3964 1035 3996 eam
1063 3949 1393 3996 adducam:
1419 3950 1571 3997 Redit

397 4020 461 4064 ad
485 4017 631 4073 illud,
660 4018 780 4075 quia
800 4016 854 4061 vi
881 4021 1057 4063 coacta
1082 4011 1187 4063 est!
1232 4016 1569 4067 DONATUS.

395 4087 467 4132 Es
503 4084 724 4144 scheint,
768 4084 844 4129 als
880 4084 1014 4130 habe
1048 4086 1338 4132 Donatus
1374 4088 1570 4133 Bent-

396 4148 540 4213 ley's
558 4150 923 4199 unstatthafter
932 4152 1263 4213 Aenderung:
1287 4158 1446 4200 tamen
1467 4168 1574 4200 eam

395 4218 592 4278 adduci,
616 4219 924 4266 verstanden
946 4218 1092 4280 iubes,
1130 4221 1426 4282 vorbeugen
1451 4224 1574 4270 wol-

396 4288 496 4333 len.
526 4287 690 4348 Mysis
710 4286 907 4345 spricht
925 4287 978 4333 in
998 4289 1359 4349 abgerissenen
1373 4291 1573 4351 Siitzen,

1737 2965 1800 3013 V.
1826 2965 1874 3013 5.
1934 2963 2100 3021 Quia
2133 2964 2503 3023 compotrix
2544 2964 2682 3011 eius
2722 2959 2852 3025 est]

1672 3031 1813 3078 Ganz
1830 3030 2019 3089 richtig
2039 3031 2086 3075 D
2104 3044 2132 3076 ο
2145 3045 2177 3075 n
2191 3044 2219 3075 a
2231 3035 2251 3075 t
2262 3045 2293 3075 u
2305 3044 2353 3076 s:
2376 3029 2453 3075 ‘In
2470 3032 2603 3077 voltu
2616 3031 2858 3077 remansit

1671 3099 1836 3145 oratio.
1875 3097 2023 3143 Deest
2044 3096 2169 3142 enim
2186 3110 2279 3156 per
2289 3095 2507 3155 fiquram
2530 3092 2856 3159 ἀποσιώπη-

1670 3177 1776 3213 σινε
1812 3164 1951 3210 ideo
1985 3163 2167 3210 illam
2199 3178 2268 3209 vo
2284 3166 2330 3210 lt
2362 3163 2700 3213 arcessiri!
2748 3168 2856 3214 Die

1672 3232 1910 3279 {ihnliche
1945 3231 2220 3277 Redeform
2257 3231 2385 3277 Eun.
2421 3232 2459 3278 1.
2500 3234 2546 3294 2,
2575 3235 2604 3280 9
2634 3228 2745 3298 (89)
2770 3248 2856 3294 sq.

1672 3300 1803 3346 Sane
1826 3298 1943 3357 quia
1966 3313 2077 3345 vero
2100 3298 2191 3345 hae
2215 3297 2333 3343 mihi
2346 3305 2521 3357 patent
2554 3314 2744 3360 semper
2762 3301 2857 3361 fo·

1672 3381 1749 3413 ree
1773 3368 1873 3412 Aut
1896 3366 2010 3425 quia
2034 3381 2136 3413 sum
2159 3365 2296 3427 apud
2315 3371 2359 3412 te
2376 3367 2580 3427 primae.

1741 3460 1803 3505 V.
1830 3461 1877 3508 7.
1938 3458 2058 3507 Sed
2103 3460 2407 3519 quidnam
2445 3460 2855 3517 Pamphilum

1674 3527 2106 3642 {inanimatum
2142 3522 2397 3589 vide02]
2452 3528 2499 3575 S.
2537 3528 2671 3573 oben
2708 3540 2776 3574 zu
2809 3530 2855 3577 1.

1709 3630 1720 3654 ‚
1784 3628 1795 3643 .

1740 3680 1803 3728 V.
1837 3682 1882 3726 8.
1941 3680 2403 3739 numquidnam
2448 3679 2608 3725 haec
2653 3677 2856 3727 turba

1670 3747 2007 3795 tristitiae
2030 3744 2856 3807 adferat.]SoLindenb1-og

1669 3815 2094 3863 wahrscheinlich
2128 3815 2258 3861 nach
2284 3814 2407 3860 Cod.
2443 3814 2572 3872 Beg.
2605 3813 2711 3859 'und
2738 3814 2854 3861 eine

1670 3885 1763 3930 Hs.
1807 3885 1850 3929 B
1868 3897 1894 3929 e
1907 3899 1939 3929 n
1953 3885 2005 3929 tl
2020 3878 2133 3943 ey's
2175 3896 2275 3927 von
2320 3885 2479 3928 erster
2518 3881 2696 3942 Hand,
2744 3882 2853 3928 und

1674 3951 1897 3998 dieselbe
1923 3951 2105 3998 Lesart
2130 3949 2253 3995 fand
2277 3949 2327 3994 D
2340 3963 2416 3996 on
2429 3952 2491 3995 at
2506 3961 2575 3994 us
2590 3981 2603 4006 ‚
2642 3961 2701 3995 so
2729 3949 2850 3995 dass

1671 4034 1800 4066 nunc
1841 4017 2070 4077 quidnam
2112 4016 2202 4063 der
2237 4017 2474 4063 friiheren
2509 4016 2737 4076 Vulgata
2772 4017 2851 4063 als

1672 4087 1852 4134 blosse
1875 4084 2291 4144 Verschreibung
2315 4084 2587 4143 erscheint‚
2625 4085 2731 4144 vgl.
2759 4098 2852 4129 un-

1674 4159 1759 4202 ten
1783 4155 1847 4201 11.
1877 4157 1923 4217 1,
1959 4155 2022 4200 25
2049 4150 2212 4214 (325).
2259 4151 2389 4199 Eun.
2411 4153 2476 4197 11.
2514 4152 2561 4212 2,
2596 4152 2661 4198 41
2693 4150 2850 4211 (272).

1674 4223 1953 4269 Plautus
1987 4219 2125 4268 Asin.
2149 4219 2213 4265 V.
2240 4221 2286 4277 1,
2314 4221 2343 4265 3
2371 4218 2529 4280 (830).
2577 4219 2759 4266 Bacch.
2785 4220 2849 4265 V.

1679 4292 1725 4352 1,
1753 4292 1817 4337 23
1844 4287 2039 4349 (1110).
